@article{1,
  title={Novel deterministic and probabilistic forecasting methods for crude oil price employing optimized deep learning, statistical and hybrid models},
  author={Purohit, Sourav Kumar and Panigrahi, Sibarama},
  journal={Information Sciences},
  volume={658},
  pages={120021},
  year={2024},
  publisher={Elsevier}
}


@article{2,
  title={A probabilistic forecast methodology for volatile electricity prices in the Australian National Electricity Market},
  author={Cornell, Cameron and Dinh, Nam Trong and Pourmousavi, S Ali},
  journal={International Journal of Forecasting},
  year={2024},
  publisher={Elsevier}
}

@article{3,
  title={Probabilistic forecasting of regional solar power incorporating weather pattern diversity},
  author={Huang, Hao-Hsuan and Huang, Yun-Hsun},
  journal={Energy Reports},
  volume={11},
  pages={1711--1722},
  year={2024},
  publisher={Elsevier}
}

@article{4,
  title={Probabilistic net load forecasting framework for application in distributed integrated renewable energy systems},
  author={Telle, Jan-Simon and Upadhaya, Ajay and Sch{\"o}nfeldt, Patrik and Steens, Thomas and Hanke, Benedikt and von Maydell, Karsten},
  journal={Energy Reports},
  volume={11},
  pages={2535--2553},
  year={2024},
  publisher={Elsevier}
}

@article{5,
  title={Probabilistic net load forecasting based on transformer network and Gaussian process-enabled residual modeling learning method},
  author={Hu, Jiaxiang and Hu, Weihao and Cao, Di and Sun, Xinwu and Chen, Jianjun and Huang, Yuehui and Chen, Zhe and Blaabjerg, Frede},
  journal={Renewable Energy},
  volume={225},
  pages={120253},
  year={2024},
  publisher={Elsevier}
}

@article{6,
  title={Machine Learning-Based Probabilistic Forecasting of Wind Power Generation: A Combined Bootstrap and Cumulant Method},
  author={Wan, Can and Cui, Wenkang and Song, Yonghua},
  journal={IEEE Transactions on Power Systems},
  volume={39},
  number={1},
  pages={1370--1383},
  year={2023},
  publisher={IEEE}
}

@article{7,
  title={Probabilistic forecast-based portfolio optimization of electricity demand at low aggregation levels},
  author={Park, Jungyeon and Alvarenga, Est{\^e}v{\~a}o and Jeon, Jooyoung and Li, Ran and Petropoulos, Fotios and Kim, Hokyun and Ahn, Kwangwon},
  journal={Applied Energy},
  volume={353},
  pages={122109},
  year={2024},
  publisher={Elsevier}
}

@article{8,
  title={Transferable wind power probabilistic forecasting based on multi-domain adversarial networks},
  author={Dong, Xiaochong and Sun, Yingyun and Dong, Lei and Li, Jian and Li, Yan and Di, Lei},
  journal={Energy},
  volume={285},
  pages={129496},
  year={2023},
  publisher={Elsevier}
}

@article{9,
  title={A novel probabilistic forecasting system based on quantile combination in electricity price},
  author={Xu, Yan and Li, Jing and Wang, Honglu and Du, Pei},
  journal={Computers \& Industrial Engineering},
  volume={187},
  year={2024},
  publisher={Elsevier}
}

@article{10,
  title={Probabilistic wind power forecasting for newly-built wind farms based on multi-task Gaussian process method},
  author={Liao, Qishu and Cao, Di and Chen, Zhe and Blaabjerg, Frede and Hu, Weihao},
  journal={Renewable Energy},
  volume={217},
  pages={119054},
  year={2023},
  publisher={Elsevier}
}  

@inproceedings{11,
  title={Time series forecasting using improved ARIMA},
  author={Mehrmolaei, Soheila and Keyvanpour, Mohammad Reza},
  booktitle={2016 Artificial Intelligence and Robotics (IRANOPEN)},
  pages={92--97},
  year={2016},
  organization={IEEE}
}

@article{12,
  title={Lower upper bound estimation method for construction of neural network-based prediction intervals},
  author={Khosravi, Abbas and Nahavandi, Saeid and Creighton, Doug and Atiya, Amir F},
  journal={IEEE transactions on neural networks},
  volume={22},
  number={3},
  pages={337--346},
  year={2010},
  publisher={IEEE}
}

@article{13,
  title={Single-model uncertainties for deep learning},
  author={Tagasovska, Natasa and Lopez-Paz, David},
  journal={Advances in neural information processing systems},
  volume={32},
  year={2019}
}

@article{14,
  title={Hybrid forecasting: blending climate predictions with AI models},
  author={Slater, Louise J and Arnal, Louise and Boucher, Marie-Am{\'e}lie and Chang, Annie Y-Y and Moulds, Simon and Murphy, Conor and Nearing, Grey and Shalev, Guy and Shen, Chaopeng and Speight, Linda and others},
  journal={Hydrology and earth system sciences},
  volume={27},
  number={9},
  pages={1865--1889},
  year={2023},
  publisher={Copernicus Publications G{\"o}ttingen, Germany}
}

@article{15,
  title={Two-stage hybrid models for enhancing forecasting accuracy on heterogeneous time series},
  author={Ren, Junru and Wu, Shaomin},
  journal={arXiv preprint arXiv:2502.08600},
  year={2025}
}

@article{16,
  title={Probabilistic wind power forecasting resilient to missing values: An adaptive quantile regression approach},
  author={Wen, Honglin},
  journal={Energy},
  volume={300},
  pages={131544},
  year={2024},
  publisher={Elsevier}
}

@article{17,
  title={Probabilistic forecasting of regional solar power incorporating weather pattern diversity},
  author={Huang, Hao-Hsuan and Huang, Yun-Hsun},
  journal={Energy Reports},
  volume={11},
  pages={1711--1722},
  year={2024},
  publisher={Elsevier}
}

@article{xie2023overview,
  title={An overview of deterministic and probabilistic forecasting methods of wind energy},
  author={Xie, Yuying and Li, Chaoshun and Li, Mengying and Liu, Fangjie and Taukenova, Meruyert},
  journal={Iscience},
  volume={26},
  number={1},
  year={2023},
  publisher={Elsevier}
}

@article{lauret2017probabilistic,
  title={Probabilistic solar forecasting using quantile regression models},
  author={Lauret, Philippe and David, Mathieu and Pedro, Hugo TC},
  journal={energies},
  volume={10},
  number={10},
  pages={1591},
  year={2017},
  publisher={MDPI}
}
