@article{1,
  title={Novel deterministic and probabilistic forecasting methods for crude oil price employing optimized deep learning, statistical and hybrid models},
  author={Purohit, Sourav Kumar and Panigrahi, Sibarama},
  journal={Information Sciences},
  volume={658},
  pages={120021},
  year={2024},
  publisher={Elsevier}
}


@article{2,
  title={A probabilistic forecast methodology for volatile electricity prices in the Australian National Electricity Market},
  author={Cornell, Cameron and Dinh, Nam Trong and Pourmousavi, S Ali},
  journal={International Journal of Forecasting},
  year={2024},
  publisher={Elsevier}
}

@article{3,
  title={Probabilistic forecasting of regional solar power incorporating weather pattern diversity},
  author={Huang, Hao-Hsuan and Huang, Yun-Hsun},
  journal={Energy Reports},
  volume={11},
  pages={1711--1722},
  year={2024},
  publisher={Elsevier}
}

@article{4,
  title={Probabilistic net load forecasting framework for application in distributed integrated renewable energy systems},
  author={Telle, Jan-Simon and Upadhaya, Ajay and Sch{\"o}nfeldt, Patrik and Steens, Thomas and Hanke, Benedikt and von Maydell, Karsten},
  journal={Energy Reports},
  volume={11},
  pages={2535--2553},
  year={2024},
  publisher={Elsevier}
}

@article{5,
  title={Probabilistic net load forecasting based on transformer network and Gaussian process-enabled residual modeling learning method},
  author={Hu, Jiaxiang and Hu, Weihao and Cao, Di and Sun, Xinwu and Chen, Jianjun and Huang, Yuehui and Chen, Zhe and Blaabjerg, Frede},
  journal={Renewable Energy},
  volume={225},
  pages={120253},
  year={2024},
  publisher={Elsevier}
}

@article{6,
  title={Machine Learning-Based Probabilistic Forecasting of Wind Power Generation: A Combined Bootstrap and Cumulant Method},
  author={Wan, Can and Cui, Wenkang and Song, Yonghua},
  journal={IEEE Transactions on Power Systems},
  volume={39},
  number={1},
  pages={1370--1383},
  year={2023},
  publisher={IEEE}
}

@article{7,
  title={Probabilistic forecast-based portfolio optimization of electricity demand at low aggregation levels},
  author={Park, Jungyeon and Alvarenga, Est{\^e}v{\~a}o and Jeon, Jooyoung and Li, Ran and Petropoulos, Fotios and Kim, Hokyun and Ahn, Kwangwon},
  journal={Applied Energy},
  volume={353},
  pages={122109},
  year={2024},
  publisher={Elsevier}
}

@article{8,
  title={Transferable wind power probabilistic forecasting based on multi-domain adversarial networks},
  author={Dong, Xiaochong and Sun, Yingyun and Dong, Lei and Li, Jian and Li, Yan and Di, Lei},
  journal={Energy},
  volume={285},
  pages={129496},
  year={2023},
  publisher={Elsevier}
}

@article{9,
  title={A novel probabilistic forecasting system based on quantile combination in electricity price},
  author={Xu, Yan and Li, Jing and Wang, Honglu and Du, Pei},
  journal={Computers \& Industrial Engineering},
  volume={187},
  year={2024},
  publisher={Elsevier}
}

@article{10,
  title={Probabilistic wind power forecasting for newly-built wind farms based on multi-task Gaussian process method},
  author={Liao, Qishu and Cao, Di and Chen, Zhe and Blaabjerg, Frede and Hu, Weihao},
  journal={Renewable Energy},
  volume={217},
  pages={119054},
  year={2023},
  publisher={Elsevier}
}

@inproceedings{11
  title={Time series forecasting using improved ARIMA},
  author={Mehrmolaei, Soheila and Keyvanpour, Mohammad Reza},
  booktitle={2016 Artificial Intelligence and Robotics (IRANOPEN)},
  pages={92--97},
  year={2016},
  organization={IEEE}
}